
@article{Bartschat:2014,
	Author = {Bartschat, S and Kehr, S and Tafer, H and Stadler, P F and Hertel, J},
	Doi = {10.1093/bioinformatics/btt604},
	Journal = {Bioinformatics},
	Month = {Jan},
	Number = {1},
	Pages = {115-6},
	Pmid = {24174566},
	Title = {\texttt{snoStrip}: a {snoRNA} annotation pipeline.},
	Volume = {30},
	Year = {2014},
	Bdsk-Url-1 = {http://dx.doi.org/10.1093/bioinformatics/btt604}}

@article{Liu:2009,
	Author = {Liu, N and Xiao, Z D and Yu, C H and Shao, P and Liang, Y T and Guan, D G and Yang, J H and Chen, C L and Qu, L H and Zhou, H},
	Date-Added = {2014-11-21 13:36:11 +0000},
	Date-Modified = {2014-11-21 13:36:11 +0000},
	Doi = {10.1186/1471-2164-10-515},
	Journal = {BMC Genomics},
	Pages = {515},
	Pmid = {19895704},
	Title = {{SnoRNAs from the filamentous fungus \emph{Neurospora crassa}: structural, functional and evolutionary insights.}},
	Volume = {10},
	Year = {2009},
	Bdsk-Url-1 = {http://dx.doi.org/10.1186/1471-2164-10-515}}

@article{Joechl:2008,
	Author = {J{\"o}chl, C and Rederstorff, M and Hertel, J and Stadler, P F and Hofacker, I L and Schrettl, M and Haas, H and H{\"u}ttenhofer, A},
	Date-Added = {2014-11-21 13:36:11 +0000},
	Date-Modified = {2014-11-21 13:36:11 +0000},
	Doi = {10.1093/nar/gkn123},
	Journal = {Nucleic Acids Res},
	Month = {May},
	Number = {8},
	Pages = {2677-89},
	Pmid = {18346967},
	Title = {{Small ncRNA transcriptome analysis from \emph{Aspergillus fumigatus} suggests a novel mechanism for regulation of protein synthesis.}},
	Volume = {36},
	Year = {2008},
	Bdsk-Url-1 = {http://dx.doi.org/10.1093/nar/gkn123}}

@article{Piekna-Przybylska:2007,
	Author = {Piekna-Przybylska, D and Decatur, W A and Fournier, M J},
	Date-Added = {2014-11-21 13:36:11 +0000},
	Date-Modified = {2014-11-21 13:36:11 +0000},
	Doi = {10.1261/rna.373107},
	Journal = {RNA},
	Month = {Mar},
	Number = {3},
	Pages = {305-12},
	Pmid = {17283215},
	Title = {{New bioinformatic tools for analysis of nucleotide modifications in eukaryotic {rRNA}.}},
	Volume = {13},
	Year = {2007},
	Bdsk-Url-1 = {http://dx.doi.org/10.1261/rna.373107}}

@article{Mitrovich:2010,
	Author = {Mitrovich, Q M and Tuch, B B and De La Vega, F M and Guthrie, C and Johnson, A D},
	Date-Added = {2014-11-21 13:36:11 +0000},
	Date-Modified = {2014-11-21 13:36:11 +0000},
	Doi = {10.1126/science.1194554},
	Journal = {Science},
	Month = {Nov},
	Number = {6005},
	Pages = {838-41},
	Pmid = {21051641},
	Title = {{Evolution of yeast noncoding {RNAs} reveals an alternative mechanism for widespread intron loss.}},
	Volume = {330},
	Year = {2010},
	Bdsk-Url-1 = {http://dx.doi.org/10.1126/science.1194554}}

@article{Li:2005,
	Author = {Li, S G and Zhou, H and Luo, Y P and Zhang, P and Qu, L H},
	Date-Added = {2014-11-21 13:36:11 +0000},
	Date-Modified = {2014-11-21 13:36:11 +0000},
	Doi = {10.1074/jbc.M500326200},
	Journal = {J Biol Chem},
	Month = {Apr},
	Number = {16},
	Pages = {16446-55},
	Pmid = {15716270},
	Title = {{Identification and functional analysis of 20 Box H/ACA small nucleolar RNAs (snoRNAs) from} \emph{Schizosaccharomyces pombe}.},
	Volume = {280},
	Year = {2005},
	Bdsk-Url-1 = {http://dx.doi.org/10.1074/jbc.M500326200}}

@Article{Hertel:2015,
  author =       {Hertel, J and Stadler, P F},
  title =        {{The Expansion of Animal MicroRNA Families
                 Revisited}.},
  journal =      {Life (Basel)},
  year =         {2015},
  month =        {},
  number =       {1},
  volume =       {5},
  pages =        {905-20},
  doi =          {10.3390/life5010905},
  PMID =         {25780960}}

@article{Hofacker:1994,
	Author = {Ivo L. Hofacker and Walter Fontana and Peter F. Stadler and L. Sebastian Bonhoeffer and Manfred Tacker and Peter Schuster},
	Date-Added = {2014-11-21 13:36:42 +0000},
	Date-Modified = {2014-11-21 13:36:42 +0000},
	Doi = {10.1007/BF00818163},
	Journal = {Monatshefte f. Chemie},
	Number = {125},
	Pages = {167-188},
	Title = {{Fast Folding and Comparison of RNA Secondary Structures ({The Vienna RNA Package})}},
	Volume = {2},
	Year = {1994},
	Bdsk-Url-1 = {http://dx.doi.org/10.1007/BF00818163}}

@article{Kehr:2014,
	Author = {Kehr, S and Bartschat, S and Tafer, H and Stadler, P F and Hertel, J},
	Date-Added = {2014-11-21 13:36:11 +0000},
	Date-Modified = {2014-11-21 13:36:11 +0000},
	Doi = {10.1093/molbev/mst209},
	Journal = {Mol Biol Evol},
	Month = {Feb},
	Number = {2},
	Pages = {455-67},
	Pmid = {24162733},
	Title = {{Matching of Soulmates: coevolution of snoRNAs and their targets}.},
	Volume = {31},
	Year = {2014},
	Bdsk-Url-1 = {http://dx.doi.org/10.1093/molbev/mst209}}

@article{Canzler:2017,
        Author = {Canzler, S and Stadler, P F and Hertel, J},
        Title = {{Evolution of Fungal U3 snoRNAs: Structural Variation and Introns}},
        Journal = {Non-Coding RNA},
        Volume = {3},
        Year = {2017},
        Number = {1},
        Issn = {2311-553X},
        Doi = {10.3390/ncrna3010003}}

@Article{Fayet-Lebaron:2009,
  author =       {Fayet-Lebaron, E and Atzorn, V and Henry, Y and
                 Kiss, T},
  title =        {{18S rRNA processing requires base pairings of
                 snR30 {H/ACA snoRNA} to eukaryote-specific 18S
                 sequences.}},
  journal =      {EMBO J},
  year =         {2009},
  month =        {May},
  number =       {9},
  volume =       {28},
  pages =        {1260-70},
  doi =          {10.1038/emboj.2009.79},
  PMID =         {19322192}}

@article{Kishore:2013,
	Author = {Kishore, S and Gruber, A R and Jedlinski, D J and Syed, A P and Jorjani, H and Zavolan, M},
	Doi = {10.1186/gb-2013-14-5-r45},
	Journal = {Genome Biol},
	Number = {5},
	Pages = {R45},
	Pmid = {23706177},
	Title = {{Insights into snoRNA biogenesis and processing from PAR-CLIP of snoRNA core proteins and small RNA sequencing.}},
	Volume = {14},
	Year = {2013},
	Bdsk-Url-1 = {http://dx.doi.org/10.1186/gb-2013-14-5-r45}}

@Article{Gardner:2010,
  author =       {Gardner, P P and Bateman, A and Poole, A M},
  title =        {{SnoPatrol: how many snoRNA genes are there?}},
  journal =      {J Biol},
  year =         {2010},
  month =        {},
  number =       {1},
  volume =       {9},
  pages =        {4},
  doi =          {10.1186/jbiol211},
  PMID =         {20122292}}

@article{Machnicka:2013,
	Author = {Machnicka, M A and Milanowska, K and Osman Oglou, O and Purta, E and Kurkowska, M and Olchowik, A and Januszewski, W and Kalinowski, S and Dunin-Horkawicz, S and Rother, K M and Helm, M and Bujnicki, J M and Grosjean, H},
	Doi = {10.1093/nar/gks1007},
	Journal = {Nucleic Acids Res},
	Month = {Jan},
	Number = {Database issue},
	Pages = {D262-7},
	Pmid = {23118484},
	Title = {\texttt{MODOMICS}: a database of {RNA} modification pathways--2013 update.},
	Volume = {41},
	Year = {2013},
	Bdsk-Url-1 = {http://dx.doi.org/10.1093/nar/gks1007}}

@incollection{Massenet:1998,
	Author = {Massenet, S and Mougin, A and Branlant, C},
	Booktitle = {Modification and Editing of RNA},
	Date-Added = {2014-11-21 13:36:42 +0000},
	Date-Modified = {2014-11-21 13:36:42 +0000},
	Editor = {Grosjean, H and Benne, R},
	Publisher = {ASM Press},
	Title = {{Post-transcriptional Modifications in the U Small Nuclear RNAs}},
	Year = {1998}}

@article{Lowe:1999,
	Author = {Lowe, T M and Eddy, S R},
	Date-Added = {2014-11-21 13:36:11 +0000},
	Date-Modified = {2014-11-21 13:36:11 +0000},
	Journal = {Science},
	Month = {Feb},
	Number = {5405},
	Pages = {1168-71},
	Pmid = {10024243},
	Title = {A computational screen for methylation guide {snoRNAs} in yeast.},
	Volume = {283},
	Year = {1999}}

@Article{Jorjani:2016,
  author =       {Jorjani, H and Kehr, S and Jedlinski, D J and
                 Gumienny, R and Hertel, J and Stadler, P F and
                 Zavolan, M and Gruber, A R},
  title =        {An updated human {snoRNAome}.},
  journal =      {Nucleic Acids Res},
  year =         {2016},
  month =        {Jun},
  number =       {11},
  volume =       {44},
  pages =        {5068-82},
  doi =          {10.1093/nar/gkw386},
  PMID =         {27174936}}

@article{Xue:2012,
	Author = {Xue, S and Barna, M},
	Date-Added = {2014-11-21 13:36:42 +0000},
	Date-Modified = {2014-11-21 13:36:42 +0000},
	Doi = {10.1038/nrm3359},
	Journal = {Nat Rev Mol Cell Biol},
	Month = {Jun},
	Number = {6},
	Pages = {355-69},
	Pmid = {22617470},
	Title = {Specialized ribosomes: a new frontier in gene regulation and organismal biology.},
	Volume = {13},
	Year = {2012},
	Bdsk-Url-1 = {http://dx.doi.org/10.1038/nrm3359}}

@Article{Clouet_d'Orval:2001,
  author =       {Clouet d'Orval, B and Bortolin, M L and Gaspin, C
                 and Bachellerie, J P},
  title =        {Box C/D RNA guides for the ribose methylation of
                 archaeal tRNAs. The tRNATrp intron guides the
                 formation of two ribose-methylated nucleosides in
                 the mature tRNATrp.},
  journal =      {Nucleic Acids Res},
  year =         {2001},
  month =        {Nov},
  number =       {22},
  volume =       {29},
  pages =        {4518-29},
  doi =          {},
  PMID =         {11713301}}

@Article{Uliel:2004,
  author =       {Uliel, S and Liang, X H and Unger, R and Michaeli,
                 S},
  title =        {Small nucleolar RNAs that guide modification in
                 trypanosomatids: repertoire, targets, genome
                 organisation, and unique functions.},
  journal =      {Int J Parasitol},
  year =         {2004},
  month =        {Mar},
  number =       {4},
  volume =       {34},
  pages =        {445-54},
  doi =          {10.1016/j.ijpara.2003.10.014},
  PMID =         {15013734}}

@Article{Dennis:2001,
  author =       {Dennis, P P and Omer, A and Lowe, T},
  title =        {A guided tour: small RNA function in Archaea.},
  journal =      {Mol Microbiol},
  year =         {2001},
  month =        {May},
  number =       {3},
  volume =       {40},
  pages =        {509-19},
  doi =          {},
  PMID =         {11359559}}
@Article{Darzacq:2002,
  author =       {Darzacq, X and JÃ¡dy, B E and Verheggen, C and
                 Kiss, A M and Bertrand, E and Kiss, T},
  title =        {Cajal body-specific small nuclear RNAs: a novel
                 class of 2'-O-methylation and pseudouridylation
                 guide RNAs.},
  journal =      {EMBO J},
  year =         {2002},
  month =        {Jun},
  number =       {11},
  volume =       {21},
  pages =        {2746-56},
  doi =          {10.1093/emboj/21.11.2746},
  PMID =         {12032087}}

@Article{CavaillÃ©:2000,
  author =       {CavaillÃ©, J and Buiting, K and Kiefmann, M and
                 Lalande, M and Brannan, C I and Horsthemke, B and
                 Bachellerie, J P and Brosius, J and HÃ¼ttenhofer, A},
  title =        {Identification of brain-specific and imprinted
                 small nucleolar RNA genes exhibiting an unusual
                 genomic organization.},
  journal =      {Proc Natl Acad Sci U S A},
  year =         {2000},
  month =        {Dec},
  number =       {26},
  volume =       {97},
  pages =        {14311-6},
  doi =          {10.1073/pnas.250426397},
  PMID =         {11106375}}

@Article{Kishore:2006,
  author =       {Kishore, S and Stamm, S},
  title =        {Regulation of alternative splicing by snoRNAs.},
  journal =      {Cold Spring Harb Symp Quant Biol},
  year =         {2006},
  month =        {},
  number =       {},
  volume =       {71},
  pages =        {329-34},
  doi =          {10.1101/sqb.2006.71.024},
  PMID =         {17381313}}

@Article{Kiss:2002,
  author =       {Kiss, T},
  title =        {Small nucleolar RNAs: an abundant group of
                 noncoding RNAs with diverse cellular functions.},
  journal =      {Cell},
  year =         {2002},
  month =        {Apr},
  number =       {2},
  volume =       {109},
  pages =        {145-8},
  doi =          {},
  PMID =         {12007400}}

@Article{Matera:2007,
  author =       {Matera, A G and Terns, R M and Terns, M P},
  title =        {Non-coding RNAs: lessons from the small nuclear
                 and small nucleolar RNAs.},
  journal =      {Nat Rev Mol Cell Biol},
  year =         {2007},
  month =        {03},
  number =       {3},
  volume =       {8},
  pages =        {209-20},
  doi =          {10.1038/nrm2124},
  PMID =         {17318225}}

@Article{Bratkovi:2011,
  author =       {Bratkovi?, T and Rogelj, B},
  title =        {Biology and applications of small nucleolar RNAs.},
  journal =      {Cell Mol Life Sci},
  year =         {2011},
  month =        {Dec},
  number =       {23},
  volume =       {68},
  pages =        {3843-51},
  doi =          {10.1007/s00018-011-0762-y},
  PMID =         {21748470}}

@Article{Altschul:1990,
  author =       {Altschul, S F and Gish, W and Miller, W and Myers,
                 E W and Lipman, D J},
  title =        {Basic local alignment search tool.},
  journal =      {J Mol Biol},
  year =         {1990},
  month =        {Oct},
  number =       {3},
  volume =       {215},
  pages =        {403-10},
  doi =          {10.1016/S0022-2836(05)80360-2},
  PMID =         {2231712}}

@Article{Nordberg:2014,
  author =       {Nordberg, H and Cantor, M and Dusheyko, S and Hua,
                 S and Poliakov, A and Shabalov, I and Smirnova, T
                 and Grigoriev, I V and Dubchak, I},
  title =        {The genome portal of the Department of Energy
                 Joint Genome Institute: 2014 updates.},
  journal =      {Nucleic Acids Res},
  year =         {2014},
  month =        {Jan},
  number =       {Database issue},
  volume =       {42},
  pages =        {D26-31},
  doi =          {10.1093/nar/gkt1069},
  PMID =         {24225321}}

@Article{Kersey:2016,
  author =       {Kersey, P J and Allen, J E and Armean, I and
                 Boddu, S and Bolt, B J and Carvalho-Silva, D and
                 Christensen, M and Davis, P and Falin, L J and
                 Grabmueller, C and Humphrey, J and Kerhornou, A
                 and Khobova, J and Aranganathan, N K and
                 Langridge, N and Lowy, E and McDowall, M D and
                 Maheswari, U and Nuhn, M and Ong, C K and
                 Overduin, B and Paulini, M and Pedro, H and Perry,
                 E and Spudich, G and Tapanari, E and Walts, B and
                 Williams, G and Tello-Ruiz, M and Stein, J and
                 Wei, S and Ware, D and Bolser, D M and Howe, K L
                 and Kulesha, E and Lawson, D and Maslen, G and
                 Staines, D M},
  title =        {Ensembl Genomes 2016: more genomes, more
                 complexity.},
  journal =      {Nucleic Acids Res},
  year =         {2016},
  month =        {Jan},
  number =       {D1},
  volume =       {44},
  pages =        {D574-80},
  doi =          {10.1093/nar/gkv1209},
  PMID =         {26578574}}

@Article{Skrzypek:2017,
  author =       {Skrzypek, M S and Binkley, J and Binkley, G and
                 Miyasato, S R and Simison, M and Sherlock, G},
  title =        {The Candida Genome Database (CGD): incorporation
                 of Assembly 22, systematic identifiers and
                 visualization of high throughput sequencing data.},
  journal =      {Nucleic Acids Res},
  year =         {2017},
  month =        {Jan},
  number =       {D1},
  volume =       {45},
  pages =        {D592-D596},
  doi =          {10.1093/nar/gkw924},
  PMID =         {27738138}}

